<?xml version="1.0" encoding="UTF-8"?><collection xmlns="http://www.loc.gov/MARC21/slim"><record><leader>00384nam--2200121-i-4500</leader><controlfield tag="001">000009475</controlfield><controlfield tag="002">20161230</controlfield><controlfield tag="005">20161230201028</controlfield><controlfield tag="008">060222s1000------------r-----000-0-eng-d</controlfield><datafield ind1=" " ind2=" " tag="080"><subfield code="a">001.89:65.01</subfield></datafield><datafield ind1=" " ind2=" " tag="245"><subfield code="a">Catalogue de instituts et programmes en matier e de developpment econique et social. ii. recherche</subfield></datafield><datafield ind1=" " ind2=" " tag="260"><subfield code="a">Parusm Centre De Developpment De L`Ocde, 1970. 533 P</subfield></datafield><datafield ind1=" " ind2=" " tag="852"><subfield code="a">D2090</subfield></datafield></record></collection>